<record><leader>00000cas a22000007a 4500</leader><controlfield tag="001">18211995</controlfield><controlfield tag="008">880714d1uuu19uutxucr ne      0    0eng d</controlfield><datafield ind1=" " ind2=" " tag="010"><subfield code="a">sn 88083925 </subfield></datafield><datafield ind1=" " ind2=" " tag="040"><subfield code="a">PPM</subfield><subfield code="b">eng</subfield><subfield code="c">PPM</subfield><subfield code="d">DLC</subfield><subfield code="d">PPM</subfield><subfield code="d">OCLCQ</subfield></datafield><datafield ind1=" " ind2=" " tag="042"><subfield code="a">msc</subfield></datafield><datafield ind1="0" ind2="0" tag="245"><subfield code="a">Marshall semi-weekly messenger.</subfield></datafield><datafield ind1=" " ind2=" " tag="260"><subfield code="a">Marshall, Tex. :</subfield><subfield code="b">Messenger Co.</subfield></datafield><datafield ind1=" " ind2=" " tag="300"><subfield code="a">v.</subfield></datafield><datafield ind1=" " ind2=" " tag="310"><subfield code="a">Semiweekly</subfield></datafield><datafield ind1=" " ind2=" " tag="588"><subfield code="a">Description based on: Vol. 27, no. 80 (Apr. 10, 1914).</subfield></datafield><datafield ind1=" " ind2=" " tag="752"><subfield code="a">United States</subfield><subfield code="b">Texas</subfield><subfield code="c">Harrison</subfield><subfield code="d">Marshall.</subfield></datafield><datafield ind1="0" ind2=" " tag="775"><subfield code="t">Marshall messenger (Marshall, Tex. : 1877)</subfield><subfield code="w">(DLC)sn 86064225</subfield></datafield><datafield ind1="0" ind2=" " tag="775"><subfield code="t">Marshall messenger (Marshall, Tex. : 1906)</subfield><subfield code="w">(DLC)sn 88083935</subfield></datafield></record>